@TechReport{balay_et_al_2020,
  author = {Satish Balay and Shrirang Abhyankar and Mark~F. Adams and Jed Brown and Peter Brune and Kris Buschelman and Lisandro Dalcin and Alp Dener and Victor Eijkhout and William~D. Gropp and Dmitry Karpeyev and Dinesh Kaushik and Matthew~G. Knepley and Dave~A. May and Lois Curfman McInnes and Richard Tran Mills and Todd Munson and Karl Rupp and Patrick Sanan and Barry~F. Smith and Stefano Zampini and Hong Zhang and Hong Zhang},
  title = {{PETS}c Users Manual},
  institution = {Argonne National Laboratory},
  year = 2020,
  number = {ANL-95/11 - Revision 3.13},
  url = {https://www.mcs.anl.gov/petsc}
}

@article{chuang_et_al_2018,
  Author = {Pi-Yueh Chuang and Olivier Mesnard and Anush Krishnan and Lorena A. Barba},
  Doi = {10.21105/joss.00558},
  Journal = {The Journal of Open Source Software},
  Month = {5},
  Number = {25},
  Pages = {558},
  Publisher = {The Open Journal},
  Title = {{PetIBM}: toolbox and applications of the immersed-boundary method on distributed-memory architectures},
  Url = {https://doi.org/10.21105/joss.00558},
  Volume = {3},
  Year = {2018},
  Bdsk-Url-1 = {https://doi.org/10.21105/joss.00558},
}

@article{donoho_et_al_2008,
  title={Reproducible research in computational harmonic analysis},
  author={Donoho, David L and Maleki, Arian and Rahman, Inam Ur and Shahram, Morteza and Stodden, Victoria},
  journal={Computing in Science \& Engineering},
  volume={11},
  number={1},
  pages={8--18},
  year={2008},
  publisher={IEEE}
}

@article{krishnan_et_al_2014,
  title={Lift and wakes of flying snakes},
  author={Krishnan, Anush and Socha, John J and Vlachos, Pavlos P and Barba, LA},
  journal={Physics of Fluids},
  volume={26},
  number={3},
  pages={031901},
  year={2014},
  publisher={American Institute of Physics}
}

@article{kurtzer_et_al_2017,
  title={Singularity: Scientific containers for mobility of compute},
  author={Kurtzer, Gregory M and Sochat, Vanessa and Bauer, Michael W},
  journal={PloS one},
  volume={12},
  number={5},
  pages={e0177459},
  year={2017},
  publisher={Public Library of Science San Francisco, CA USA}
}

@article{li_dong_2016,
  title={Three-dimensional wake topology and propulsive performance of low-aspect-ratio pitching-rolling plates},
  author={Li, Chengyu and Dong, Haibo},
  journal={Physics of Fluids},
  volume={28},
  number={7},
  pages={071901},
  year={2016},
  publisher={AIP Publishing LLC}
}

@article{li_et_al_2016,
  Author = {Li, Ru-Yang and Xie, Chun-Mei and Huang, Wei-Xi and Xu, Chun-Xiao},
  Journal = {Computers \& Fluids},
  Pages = {122--135},
  Publisher = {Elsevier},
  Title = {An efficient immersed boundary projection method for flow over complex/moving boundaries},
  Volume = {140},
  Year = {2016},
}

@article{merkel_2014,
  title={Docker: lightweight linux containers for consistent development and deployment},
  author={Merkel, Dirk},
  journal={Linux journal},
  volume={2014},
  number={239},
  pages={2},
  year={2014}
}

@article{mesnard_barba_2017,
  title={Reproducible and replicable computational fluid dynamics: it's harder than you think},
  author={Mesnard, Olivier and Barba, Lorena A},
  journal={Computing in Science \& Engineering},
  volume={19},
  number={4},
  pages={44--55},
  year={2017},
  publisher={IEEE Computer Society}
}

@article{mesnard_barba_2020,
  author={O. {Mesnard} and L. A. {Barba}},
  journal={Computing in Science Engineering},
  title={Reproducible Workflow on a Public Cloud for Computational Fluid Dynamics},
  year={2020},
  volume={22},
  number={1},
  pages={102-116},
}

@software{mesnard_et_al_2020_zenodo_petibm,
  author={Mesnard, Olivier and Chuang, Pi-Yueh and Krishnan, Anush and Barba, Lorena A.},
  title={{PetIBM - toolbox and applications of the immersed-boundary method on distributed-memory architectures (v0.5.1)}},
  month=feb,
  year=2020,
  publisher={Zenodo},
  version={0.5.1},
  doi={10.5281/zenodo.3665414},
  url={https://doi.org/10.5281/zenodo.3665414}
}

@software{mesnard_barba_2021_zenodo_petibm_app,
  author={Olivier Mesnard and Lorena A. Barba},
  title={{[Re] Three-dimensional wake topology and propulsive performance of low-aspect-ratio pitching-rolling plates (code application)}},
  month=may,
  year=2021,
  publisher={Zenodo},
  version={2021.05.02},
  doi={10.5281/zenodo.4733323},
  url={https://doi.org/10.5281/zenodo.4733323}
}

@dataset{mesnard_barba_2021_zenodo_repropacks,
  author={Olivier Mesnard and Lorena A. Barba},
  title={{[Re] Three-dimensional wake topology and propulsive performance of low-aspect-ratio pitching-rolling plates (repro-packs)}},
  month=may,
  year=2021,
  publisher={Zenodo},
  doi={10.5281/zenodo.4732946},
  url={https://doi.org/10.5281/zenodo.4732946}
}

@misc{mesnard_barba_2021_zenodo_images,
  author={Olivier Mesnard and Lorena A. Barba},
  title={{[Re] Three-dimensional wake topology and propulsive performance of low-aspect-ratio pitching-rolling plates (container images)}},
  month=jul,
  year=2021,
  publisher={Zenodo},
  doi={10.5281/zenodo.5090342},
  url={https://doi.org/10.5281/zenodo.5090342}
}

@article{mittal_et_al_2008,
  title={A versatile sharp interface immersed boundary method for incompressible flows with complex boundaries},
  author={Mittal, Rajat and Dong, Haibo and Bozkurttas, Meliha and Najjar, FM and Vargas, Abel and Von Loebbecke, Alfred},
  journal={Journal of computational physics},
  volume={227},
  number={10},
  pages={4825--4852},
  year={2008},
  publisher={Elsevier}
}

@book{nasem_2019,
  Address = {Washington, DC},
  Author = {{National Academies of Sciences, Engineering, and Medicine}},
  Doi = {10.17226/25303},
  Isbn = {978-0-309-48613-2},
  Publisher = {The National Academies Press},
  Title = {Reproducibility and Replicability in Science},
  Url = {https://www.nap.edu/catalog/25303/reproducibility-and-replicability-in-science},
  Year = 2019,
  Bdsk-Url-1 = {https://www.nap.edu/catalog/25303/reproducibility-and-replicability-in-science},
  Bdsk-Url-2 = {https://doi.org/10.17226/25303},
}

@article{peng_2011,
  Author = {Peng, Roger D},
  Date-Added = {2019-03-26 15:18:56 -0400},
  Date-Modified = {2019-03-26 15:20:46 -0400},
  Doi = {10.1126/science.1213847},
  Journal = {Science},
  Number = {6060},
  Pages = {1226--1227},
  Publisher = {American Association for the Advancement of Science},
  Title = {Reproducible research in computational science},
  Volume = {334},
  Year = {2011},
}

@article{perot_1993,
  Author = {Perot, J Blair},
  Journal = {Journal of Computational Physics},
  Number = {1},
  Pages = {51--58},
  Publisher = {Elsevier},
  Title = {An analysis of the fractional step method},
  Volume = {108},
  Year = {1993}
}

@article{taira_colonius_2007,
  title={The immersed boundary method: a projection approach},
  author={Taira, Kunihiko and Colonius, Tim},
  journal={Journal of Computational Physics},
  volume={225},
  number={2},
  pages={2118--2137},
  year={2007},
  publisher={Elsevier},
}
